%
%  An example of a bibliographical database for bibTeX
%
%  Recommended software for maintenance of *.bib files:
%    JabRef, http://jabref.sourceforge.net/
%
%  BEWARE:
%
%    *  If a name contains a capital letter, which must be kept such,
%       use curly brackets ({T}hailand, {HIV}).
%
%  ===========================================================================

% https://doi.org/10.1007/s10032-011-0168-2
@article{CvcMuscima,
  author = {Alicia Fornés and Anjan Dutta and Albert Gordo and Josep Lladós},
  title = {{CVC-MUSCIMA}: A ground truth of handwritten music score images for writer identification and staff removal},
  journal = {International Journal on Document Analysis and Recognition ({IJDAR})},
  year = {2011},
  volume = {15},
  doi = {10.1007/s10032-011-0168-2},
}

% https://arxiv.org/abs/1703.04824
% https://ufal.mff.cuni.cz/muscima
% https://doi.org/10.1109/ICDAR.2017.16
@inproceedings{MuscimaPP,
  author = {Jan {Hajič jr.} and Pavel Pecina},
  title = {In Search of a Dataset for Handwritten Optical Music Recognition: Introducing {MUSCIMA++}},
  booktitle = {14th International Conference on Document Analysis and Recognition ({ICDAR})},
  year = {2017},
  doi = {10.1109/ICDAR.2017.16}
}

% http://www.deeplearningbook.org
@book{Goodfellow-et-al-2016,
  author={Ian Goodfellow and Yoshua Bengio and Aaron Courville},
  title={Deep Learning},
  publisher={MIT Press},
  year={2016},
  note={\url{http://www.deeplearningbook.org}},
}

% https://www.researchgate.net/publication/269935079_Adam_A_Method_for_Stochastic_Optimization
@article{AdamOptimizer,
  author = {Diederik Kingma and Jimmy Ba},
  title = {Adam: A Method for Stochastic Optimization},
  journal = {International Conference on Learning Representations},
  year = {2014},
}

% https://doi.org/10.1162/neco.1997.9.8.1735
% publisher = {{MIT} Press - Journals},
@article{LSTM,
  author = {Sepp Hochreiter and J\"{u}rgen Schmidhuber},
  title = {Long Short-Term Memory},
  journal = {Neural Computation},
  year = {1997},
  volume = {9},
  doi = {10.1162/neco.1997.9.8.1735},
}

% https://arxiv.org/abs/1406.1078
@inproceedings{GRU,
  author = {Kyunghyun Cho and Bart van Merrienboer and Caglar Gulcehre and Dzmitry Bahdanau and Fethi Bougares and Holger Schwenk and Yoshua Bengio},
  title = {Learning Phrase Representations using RNN Encoder-Decoder for Statistical Machine Translation},
  booktitle = {Conference on Empirical Methods in Natural Language Processing ({EMNLP})},
  year = {2014},
}

% https://arxiv.org/abs/2003.05991
@misc{AutoencodersOverview,
  author = {Dor Bank and Noam Koenigstein and Raja Giryes},
  title = {Autoencoders},
  publisher = {arXiv},
  year = {2020},
  doi = {10.48550/ARXIV.2003.05991}
}

% https://link.springer.com/chapter/10.1007/978-3-319-24574-4_28
@InProceedings{UNet,
  author = {Olaf Ronneberger and Philipp Fischer and Thomas Brox},
  title = {U-{N}et: Convolutional Networks for Biomedical Image Segmentation},
  booktitle = {Medical Image Computing and Computer-Assisted Intervention},
  year = {2015},
  pages = {234--241},
}
